<marc:record xmlns:marc="http://www.loc.gov/MARC21/slim" xmlns:xsi="http://www.w3.org/2001/XMLSchema-instance" xsi:schemaLocation="http://www.loc.gov/MARC21/slim http://www.loc.gov/standards/marcxml/schema/MARC21slim.xsd">
  <marc:leader>     nam a2200229 a 45M</marc:leader>
  <marc:controlfield tag="001">001917049</marc:controlfield>
  <marc:controlfield tag="003">NNU</marc:controlfield>
  <marc:controlfield tag="005">19940713181853.0</marc:controlfield>
  <marc:controlfield tag="008">910319s1923    ua            000 0 ara d</marc:controlfield>
  <marc:datafield tag="035" ind1="9" ind2=" ">
    <marc:subfield code="a">NYUb10860286</marc:subfield>
  </marc:datafield>
  <marc:datafield tag="035" ind1=" " ind2=" ">
    <marc:subfield code="a">(CStRLIN)NYUG91-B11061</marc:subfield>
  </marc:datafield>
  <marc:datafield tag="035" ind1=" " ind2=" ">
    <marc:subfield code="a">GLIS00860286X</marc:subfield>
  </marc:datafield>
  <marc:datafield tag="040" ind1=" " ind2=" ">
    <marc:subfield code="a">NNU</marc:subfield>
    <marc:subfield code="c">NNU</marc:subfield>
  </marc:datafield>
  <marc:datafield tag="090" ind1=" " ind2=" ">
    <marc:subfield code="i">03/19/91 CT</marc:subfield>
  </marc:datafield>
  <marc:datafield tag="100" ind1="0" ind2=" ">
    <marc:subfield code="a">Sibāʻī Bayyūmī.</marc:subfield>
  </marc:datafield>
  <marc:datafield tag="245" ind1="1" ind2="0">
    <marc:subfield code="a">Tahdhīb al-kāmil fī al-lughah wa-al-adab /</marc:subfield>
    <marc:subfield code="c">ʻamila al-Sibāʻī Bayyūmī.</marc:subfield>
  </marc:datafield>
  <marc:datafield tag="250" ind1=" " ind2=" ">
    <marc:subfield code="a">al-Ṭabʻah 1.</marc:subfield>
  </marc:datafield>
  <marc:datafield tag="260" ind1=" " ind2=" ">
    <marc:subfield code="a">Miṣr :</marc:subfield>
    <marc:subfield code="b">Maṭbaʻat al-Saʻādah Yaḥwār Muḥāfiẓ,</marc:subfield>
    <marc:subfield code="c">1923.</marc:subfield>
  </marc:datafield>
  <marc:datafield tag="300" ind1=" " ind2=" ">
    <marc:subfield code="a">2 v. in 1 ;</marc:subfield>
    <marc:subfield code="c">23 cm.</marc:subfield>
  </marc:datafield>
  <marc:datafield tag="650" ind1=" " ind2="0">
    <marc:subfield code="a">Arabic literature</marc:subfield>
    <marc:subfield code="x">History and criticism.</marc:subfield>
  </marc:datafield>
  <marc:datafield tag="950" ind1=" " ind2=" ">
    <marc:subfield code="l">BMAIN</marc:subfield>
    <marc:subfield code="a">PJ7510</marc:subfield>
    <marc:subfield code="b">.S62 1923</marc:subfield>
    <marc:subfield code="i">03/19/91 C</marc:subfield>
  </marc:datafield>
  <marc:datafield tag="955" ind1=" " ind2=" ">
    <marc:subfield code="l">BMAIN</marc:subfield>
    <marc:subfield code="c">1</marc:subfield>
    <marc:subfield code="r">015365821</marc:subfield>
    <marc:subfield code="i">03/19/91 C</marc:subfield>
  </marc:datafield>
  <marc:datafield tag="998" ind1=" " ind2=" ">
    <marc:subfield code="a">03/19/91</marc:subfield>
    <marc:subfield code="t">c</marc:subfield>
    <marc:subfield code="s">9114</marc:subfield>
    <marc:subfield code="n">NNU</marc:subfield>
    <marc:subfield code="d">03/19/91</marc:subfield>
    <marc:subfield code="c">MG</marc:subfield>
    <marc:subfield code="b">MG</marc:subfield>
    <marc:subfield code="i">910319</marc:subfield>
    <marc:subfield code="l">NYUG</marc:subfield>
  </marc:datafield>
</marc:record>
